@article{Thurstone_1927,
	author = {Thurstone, L.},
	journal = {Psychological Review},
	pages = {482--499},
	title = {A law of comparative judgment},
	volume = {34},
	number = {4},
	year = {1927},
	doi	= {https://doi.org/10.1037/h0070288},
	//url = {}
}

@article{Shannon_1948,
	author = {Shannon, C.},
	journal = {The Bell System Technical Journal},
	pages = {379--423},
	title = {A mathematical theory of communication},
	volume = {27},
	number = {3},
	year = {1948},
	doi	= {https://doi.org/10.1002/j.1538-7305.1948.tb01338.x},
	//url = {}
}

@article{Bradley_et_al_1952,
	author = {Bradley, R. and Terry, M.},
	journal = {Biometrika},
	pages = {324--345},
	title = {Rank Analysis of Incomplete Block Designs: I. The Method of Paired Comparisons},
	volume = {39},
	number = {3-4},
	year = {1952},
	doi	= {https://doi.org/10.2307/2334029},
	//url = {http://www.jstor.com/stable/2334029}
}

@article{Luce_1959,
	author = {Luce, R.},
	journal = {The Psychologcal Review},
	pages = {482--499},
	title = {On the possible psychophysical laws},
	volume = {66},
	number = {2},
	year = {1959},
	doi	= {https://doi.org/10.1037/h0043178},
	//url = {}
}

@article{Tutz_1986,
	author = {Tutz, G.},
	journal = {Journal of Mathemathical Psychology},
	pages = {306--316},
	title = {Bradley-Terry-Luce model with an Ordered Response},
	volume = {30},
	number = {3},
	year = {1986},
	doi	= {https://doi.org/10.1016/0022-2496(86)90034-9},
	//url = {}
}

@article{Cox_et_al_1989,
	author = {Cox, R. and McDaniel, D. and Kent, J. and Rosenbek, J.},
	journal = {Journal of Speech, Language, and Hearing Research},
	pages = {347--352},
	title = {Development of the Speech Intelligibility Rating (SIR) test for hearing aid comparisons},
	volume = {32},
	number = {2},
	year = {1989},
	doi	= {https://doi.org/10.1044/jshr.3202.347},
	//url = {}
}

@article{Kent_et_al_1989,
	author = {Kent, R. and Weismer, G. and Kent, J. and Rosenbek, J.},
	journal = {Journal of Speech and Hearing Disorders},
	pages = {482--499},
	title = {Toward phonetic intelligibility testing in dysarthria},
	volume = {54},
	number = {4},
	year = {1989},
	doi	= {https://doi.org/10.1044/jshd.5404.482},
	//url = {}
}

@article{Agresti_1992,
	author = {Agresti, A.},
	journal = {Journal of the Royal Statistical Society},
	pages = {287--297},
	title = {Analysis of Ordinal Paired Comparison Data},
	volume = {41},
	number = {2},
	year = {1992},
	doi	= {https://doi.org/10.2307/2347562},
	//url = {https://www.jstor.org/stable/2347562}
}

@article{McDaniel_et_al_1992,
	author = {McDaniel, D. and Cox, R.},
	journal = {Journal of Speech and Hearing Research},
	pages = {686--693},
	title = {Evaluation of the Speech Intelligibility Rating (SIR) Test for Hearing Aid Comparisons},
	volume = {35},
	number = {3},
	year = {1992},
	doi	= {https://doi.org/10.1044/jshr.3503.686},
	//url = {}
}

 “”. , 35, 686-693 (1992). 

@article{Whitehill_et_al_2004,
	author = {Whitehill, T. and Chau, C.},
	journal = {Clinical Linguistics and Phonetics},
	pages = {341--355},
	title = {Single-word intelligibility in speakers with repaired cleft palate},
	volume = {18},
	number = {},
	year = {2004},
	doi	= {https://doi.org/10.1080/02699200410001663344},
	//url = {}
}

@article{Flipsen_2006,
	author = {Flipsen, P.},
	journal = {Clinical Linguistics and Phonetics},
	pages = {303--312},
	title = {Measuring the intelligibility of conversational speech in children},
	volume = {20},
	number = {4},
	year = {2006},
	doi	= {https://doi.org/10.1080/02699200400024863},
	//url = {}
}

@article{vanHeuven_2008,
	author = {van Heuven, V.},
	journal = {International Journal of Humanities and Arts Computing},
	pages = {39--62},
	title = {Making sense of strange sounds: (Mutual) intelligibility of related language varieties. A review},
	volume = {2},
	number = {1-2},
	year = {2008},
	doi	= {https://doi.org/10.3366/E1753854809000305},
	//url = {}
}

@article{DeRaeve_2010,
	author={Raeve, L.},
	journal={Otology and Neurotology},
	pages={1261--1267},
	title={A Longitudinal Study on Auditory Perception and Speech Intelligibility in Deaf Children Implanted Younger Than 18 Months in Comparison to Those Implanted at Later Ages},
	volume={31},
	number = {8},
	year={2010},
	doi	= {https://doi.org/10.1097/MAO.0b013e3181f1cde3},
	//url = {}
}

@article{Ertmer_2011,
	author = {Ertmer, D.},
	journal = {Language, Speech, and Hearing Services in Schools},
	pages = {52--58},
	title = {Assessing speech intelligibility in children with hearing loss: Toward revitalizing a valuable clinical tool},
	volume = {42},
	number = {1},
	year = {2011},
	doi	= {https://doi.org/10.1044/0161-1461(2010/09-0081)},
	//url = {}
}

@article{Chin_et_al_2012,
	author = {Chin, S. and Bergeson, T. and Phan, J.},
	journal = {Journal of Communication Disorders},
	pages = {355--366},
	title = {Speech intelligibility and prosody production in children with cochlear implants},
	volume = {45},
	\\number = {},
	year = {2012},
	doi	= {https://doi.org/10.1016/j.jcomdis.2012.05.003},
	//url = {}
}

@article{McLeod_et_al_2012,
	author = {McLeod, S. and Harrison, L. and McCormack, J.},
	journal = {Journal of Speech, Language and Hearing Research},
	pages = {648--656},
	title = {The intelligibility in context scale: Validity and reliability of a subjective rating measure},
	volume = {55},
	\\number = {2},
	year = {2012},
	doi	= {https://doi.org/10.1044/1092-4388(2011/10-0130)},
	//url = {}
}

@article{Pollitt_2012a,
	author = {Pollitt, A.},
	journal = {International Journal of Technology and Design Education},
	pages = {157–-170},
	title = {Comparative judgement for assessment},
	volume = {22},
	\\number = {2},
	year = {2012},
	doi	= {https://doi.org/10.1007/s10798-011-9189-x},
	//url = {}
}

@article{Pollitt_2012b,
	author = {Pollitt, A.},
	journal = {Assessment in Education: Principles, Policy and Practice},
	pages = {281–-300},
	title = {The method of adaptive comparative judgement},
	volume = {19},
	\\number = {3},
	year = {2012},
	doi	= {https://doi.org/10.1080/0969594X.2012.665354},
	//url = {}
}

@article{Gill_et_al_2013,
	author = {Gill, T. and Bramley, T.},
	journal = {Assessment in Education: Principles, Policy and Practice},
	pages = {308–-324},
	title = {How accurate are examiners' holistic judgements of script quality?},
	volume = {20},
	\\number = {3},
	year = {2013},
	doi	= {https://doi.org/10.1080/0969594X.2013.779229},
	//url = {}
}

@article{Lagerberg_et_al_2014,
	author = {Lagerberg, T. and Asberg, J. and Hartelius, L. and Persson, C.},
	journal = {International Journal of Language and Communication 
	Disorders},
	pages = {228--239},
	title = {Assessment of intelligibility using children’s 
	spontaneous speech: Methodological aspects},
	volume = {49},
	\\number = {2},
	year = {2014},
	doi	= {https://doi.org/10.1111/1460-6984.12067},
	//url = {}
}

@article{Johannisson_et_al_2014,
	author = {Johannisson, T. and Lohmander, A. and Persson, C.},
	journal = {Logopedics Phoniatrics Vocology},
	pages = {159--168},
	title = {Assessing intelligibility by single words, sentences and spontaneous speech: A methodological study of speech production of 10-year-olds},
	volume = {39},
	\\number = {4},
	year = {2014},
	doi	= {https://doi.org/10.3109/14015439.2013.820487},
	//url = {}
} 

@article{Lee_et_al_2014,
	author = {Lee, M. and Steyvers, M. and Miller, B.},
	journal = {Plos One},
	pages = {1--9},
	title = {A cognitive model for aggregating people's rankings},
	volume = {9},
	\\number = {5},
	year = {2014},
	doi	= {https://doi.org/10.1371/journal.pone.0096431},
	//url = {}
} 

@article{Freeman_et_al_2017,
	author = {Freeman, V. and Pisoni, D. and Kronenberger, W. and Castellanos, I.},
	journal = {Journal of Deaf Studies and Deaf Education},
	pages = {278--289},
	title = {Speech intelligibility and psychosocial functioning in deaf children and teens with cochlear implants},
	volume = {22},
	number = {3},
	year = {2017},
	doi	= {https://doi.org/10.1093/deafed/enx001},
	//url = {}
}

@article{Verhavert_et_al_2019,
	author = {Verhavert, S. and Bouwer, R. and Donche, V and De Maeyer, S.},
	journal = {Assessment in Education: Principles, Policy and Practice},
	pages = {541--562},
	title = {A meta-analysis on the reliability of comparative judgement},
	volume = {26},
	number = {5},
	year = {2019},
	doi	= {https://doi.org/10.1080/0969594X.2019.1602027},
	//url = {}
}

@article{Hustad_et_al_2020,
	author = {Hustad, K. and Mahr, T. and Natzke, P. and Rathouz, P.},
	journal = {Journal of Speech, Language, and Hearing Research},
	pages = {1675--1687},
	title = {Development of speech intelligibility between 30 and 
	47 months in typically developing children: A cross-sectional study of growth},
	volume = {63},
	number = {},
	year = {2020},
	doi	= {https://doi.org/10.1044/2020_JSLHR-20-00008},
	//url = {}
}

@article{Boonen_et_al_2020,
	author = {Boonen, N. and Kloots, H. and Gillis, S.},
	journal = {Journal of Communication Disorders},
	pages = {1675--1687},
	title = {Rating the overall speech quality of hearing-impaired children by means of comparative judgements},
	volume = {83},
	number = {},
	year = {2020},
	doi	= {https://doi.org/10.1016/j.jcomdis.2019.105969},
	//url = {}
}

@article{Boonen_et_al_2021,
	author = {Boonen, N. and Kloots, H. and Nurzia, P. and Gillis, S.},
	journal = {Journal of Child Language},
	pages = {1--26},
	title = {Spontaneous speech intelligibility: early cochlear implanted children versus their normally hearing peers at seven years of age},
	volume = {},
	number = {},
	year = {2021},
	doi	= {https://doi.org/10.1017/S0305000921000714},
	//url = {}
}

@article{Faes_et_al_2021,
	author = {Faes, J. and De Maeyer, S. and Gillis, S.},
	journal = {},
	pages = {1--50},
	title = {Speech intelligibility of children with an auditory brainstem implant: a triple-case study},
	volume = {},
	number = {},
	year = {2021},
	doi	= {},
	//url = {},
	note = {(submitted)}
}

%%%%%%%%%%%%%%%%%%%%%%%%%%%%%%%%%%%%%%%%%%%%%%%%%%%%%%%%
@book{Mayer_1969,
	title = {Frog, where are You?},
	author = {Mayer, M.},
	isbn = {9780803728813},
	series = {Boy, a Dog, and a Frog},
	year={1969},
	publisher={Dial Books for Young Readers},
	keywords = {},
	//url={https://books.google.be/books?id=Asi5KQAACAAJ},
}

@book{Lawson_2015,
	title = {Design and Analysis of Experiments with R},
	author = {Lawson, J.},
	isbn = {9780429154522},
	series = {},
	year = {2018},
	publisher = {Chapman and Hall/CRC},
	keywords = {}
}

@book{Rowe_et_al_2018,
	title = {A Concise Introduction to Linguistics},
	author = {Rowe, B. and Levine, D.},
	isbn = {9781315227283},
	series = {},
	year = {2018},
	publisher = {Routledge},
	keywords = {}
}

@book{McElreath_2020,
	title = {Statistical Rethinking: A Bayesian Course with Examples in R and STAN},
	author = {McElreath, R.},
	isbn = {9780367139919},
	series = {},
	year = {2020},
	publisher = {Chapman and Hall/CRC},
	keywords = {}
}

@book{Depaoli_2021,
	title = {Bayesian Structural Equation Modeling},
	author = {Depaoli, S.},
	isbn = {9781462547746},
	series = {Methodology in the social sciences},
	year = {2021},
	publisher = {The Guilford Press},
	keywords = {}
}

%%%%%%%%%%%%%%%%%%%%%%%%%%%%%%%%%%%%%%%%%%%%%%%%%%%%%%%%
@phdthesis{Lesterhuis_2018,
	title = {The validity of comparative judgement for assessing text quality: An assessor’s perspective},
	author = {Lesterhuis, M.},
	school = {University of Antwerp},
	year = {2018},
}

@phdthesis{Verhavert_2018,
	title = {Beyond a Mere Rank Order: The Method, the Reliability and the Efficiency of Comparative Judgment},
	author = {Verhavert, S.},
	school = {University of Antwerp},
	year = {2018},
}

@phdthesis{vanDaal_2020,
	title = {Making a choice is not easy?!:	Unravelling the task difficulty of comparative judgement to assess student work},
	author = {van Daal, T.},
	school = {University of Antwerp},
	year = {2020},
}

%%%%%%%%%%%%%%%%%%%%%%%%%%%%%%%%%%%%%%%%%%%%%%%%%%%%%%%%

@incollection{Bramley_2008,
	author = {Bramley, T.},
	editor = {Newton, P. and Baird, J. and Goldsteing, H. and Patrick, H. and Tymms, P.},
	booktitle = {Techniques for monitoring the comparability of examination standards},
	pages = {246–-300},
	title = {Paired comparison methods},
	publisher = {GOV.UK.},
	year = {2008},
	//doi = {},
	url = {https://www.gov.uk/government/publications/techniques-for-monitoring-the-comparability-of-examination-standards}
}
